@article{morone2020,
  author          = {Flaviano Morone and Ian Leifer and Hernan A. Makse},
  title           = {Fibration symmetries uncover the building blocks of 
                    biological networks},
  journal         = {Proceedings of the National Academy of Sciences},
  volume          = {117},
  number          = {15},
  year            = {2020}
}

@article{homeostasis_antonelli2018,
  author          = {Fernando Antonelli and Martin Golubitsky and Ian Stewart},
  title           = {Homeostasis in a feed forward loop gene regulatory motif},
  journal         = {Journal of Theoretical Biology},
  volume          = {445},
  number          = {103-109},
  year            = {2018}
}

@article{martin_ian_groupoids2006,
  author          = {Martin Golubitsky and Ian Stewart},
  title           = {Nonlinear dynamics of networks: the groupoid formalism},
  journal         = {Bull. Amer. Math. Soc.},
  volume          = {43},
  number          = {305-364},
  year            = {2006}
}

@article{wang2021,
  author          = {Yangyang Wang and Zhengyuan Huang and Fernando Antoneli and
                    Martin Golubitsky},
  title           = {The structure of infinitesimal homeostasis 
                      in input–output networks},
  journal         = {Journal of Mathematical Biology},
  volume          = {82},
  number          = {62},
  year            = {2021}
}

@article{Boldi2002,
	author = {P. Boldi and S. Vigna},
	title = {Fibrations of Graphs},
	journal = {Discrete Math.},
	year = {2002},
	volume = {243},
	pages = {21-66}
}

@ARTICLE{transistor2019,
	author = {I. Leifer and F. Morone and S. D. S. Reis and J. S. Andrade and M. Sigman and H. A. Makse},
	title = {Circuits with broken symmetries perform core logic computations
				in genetic networks},
	journal = {PLoS Comput. Biol.},
	volume={16},
	year = {2020},
	pages = {1-16}
}



@online{multi_input_antoneli2020,
  author       = {João Luiz de Oliveira Madeira and Fernando Antoneli},
  title        = {Homeostasis in Networks with Multiple Input Nodes and Robustness in Bacterial Chemotaxis},
  eprinttype = {arXiv},
  eprint = {2011.04415},
  eprintclass = {q-bio.MN},
  year         = {2020}
}

@article{stochs_gene_2005,
  author          = {Mads Kærn and Timothy C. Elston and William J. Blake and James J. Collins},
  title           = {Stochasticity in gene expression: from theories to phenotypes},
  journal         = {Nature Reviews Genetics},
  volume          = {6},
  pages          = {451–464},
  year            = {2005}
}